@article{Bayindir2015,
author = {Bayindir, Levent},
journal = {Neurocomputing},
keywords = {Cooperation,Distributed task,Swarm robotics},
pages = {292--321},
pmid = {26916440},
title = {{A review of swarm robotics tasks}},
volume = {172},
year = {2015}
}

@article{Strack2009,
archivePrefix = {arXiv},
arxivId = {NIHMS150003},
author = {Strack, Dieter and Wray, Victor},
doi = {10.1201/9780203736692},
eprint = {NIHMS150003},
file = {:C$\backslash$:/Users/Dasaed/AppData/Local/Mendeley Ltd./Mendeley Desktop/Downloaded/Strack, Wray - 2017 - The anthocyanins.pdf:pdf},
isbn = {9781351410458},
issn = {1932-6203},
journal = {The Flavonoids: Advances in Research since 1986},
keywords = {-swarm robotics,a characterization of reactive,and,as a,cooperative aspects,multi robot systems and,multi-robot,review,social deliberative behaviors of,state-of-art,taxonomy of,the multi robot system,they have also proposed},
pages = {1--22},
pmid = {23209679},
title = {{An Extensive Review of Research in Swarm Robotics}},
year = {2009}
}
@book{Couceiro2017,
author = {Couceiro, Micael Santos},
booktitle = {Artificial Intelligence},
doi = {10.4018/978-1-5225-1759-7.ch061},
file = {:C$\backslash$:/Users/Dasaed/Downloads/Book{\_}Chapt61{\_}An-Overview-of-Swarm-Robotics-for-Search-and-Rescue-Applications.pdf:pdf},
isbn = {9781522517597},
pages = {1522--1561},
title = {{An Overview of Swarm Robotics for Search and Rescue Applications}},
year = {2017}
}
@article{Garcia-Aunon2018,
author = {Garcia-Aunon, Pablo and {Barrientos Cruz}, Antonio},
doi = {10.1016/j.jocs.2018.10.004},
file = {:C$\backslash$:/Users/Dasaed/AppData/Local/Mendeley Ltd./Mendeley Desktop/Downloaded/Sebastian et al. - 2018 - Multi-robot learning with particle swarm optimization(3).pdf:pdf},
issn = {18777503},
journal = {Journal of Computational Science},
keywords = {Modeling,Optimization,Search,Swarm robotics},
pages = {107--118},
publisher = {Elsevier B.V.},
title = {{Control optimization of an aerial robotic swarm in a search task and its adaptation to different scenarios}},
url = {https://doi.org/10.1016/j.jocs.2018.10.004},
volume = {29},
year = {2018}
}
@article{Moein2017,
author = {Moein, Sara},
doi = {10.4018/978-1-5225-1759-7.ch001},
file = {:C$\backslash$:/Users/Dasaed/Downloads/Book{\_}Chap1{\_}Definition-of-Artificial-Neural-Network.pdf:pdf},
isbn = {9781522517597},
journal = {Artificial Intelligence},
pages = {1--11},
title = {{Definition of Artificial Neural Network}},
year = {2017}
}
@misc{Pugh2005,
archivePrefix = {arXiv},
arxivId = {arXiv:astro-ph/0507464v2},
author = {Pugh, Jim and Martinoli, Alcherio and Zhang, Yizhen},
booktitle = {Proceedings 2005 IEEE Swarm Intelligence Symposium, 2005. SIS 2005.},
doi = {10.1016/j.cub.2015.10.018},
eprint = {0507464v2},
file = {:C$\backslash$:/Users/Dasaed/AppData/Local/Mendeley Ltd./Mendeley Desktop/Downloaded/Pugh, Martinoli, Zhang - 2005 - Particle Swarm Optimization for Unsupervised Robotic Learning.pdf:pdf},
isbn = {0960-9822},
issn = {09609822},
pmid = {26549260},
primaryClass = {arXiv:astro-ph},
publisher = {IEEE},
title = {{Particle Swarm Optimization for Unsupervised Robotic Learning}},
year = {2005}
}

@article{Sebastian2016,
author = {Sebastian, Vehlken},
doi = {10.7480/ngb.3.l.1558},
file = {:C$\backslash$:/Users/Dasaed/AppData/Local/Mendeley Ltd./Mendeley Desktop/Downloaded/Sebastian - 2016 - Swarm Robotics , or ' The Smartness of a bunch of cheap dumb things '.pdf:pdf},
journal = {Next Generation Building 3},
keywords = {abm,agent-based modeling,architectural design,si,swarm intelligence,swarm robotics},
number = {2017},
pages = {487--490},
title = {{Swarm Robotics , or ' The Smartness of a bunch of cheap dumb things '}},
volume = {1},
year = {2016}
}

@article{Brambilla2013,
author = {Brambilla, Manuele and Ferrante, Eliseo and Birattari, Mauro and Dorigo, Marco},
doi = {10.1007/s11721-012-0075-2},
file = {:C$\backslash$:/Users/Dasaed/AppData/Local/Mendeley Ltd./Mendeley Desktop/Downloaded/Sebastian et al. - 2018 - Multi-robot learning with particle swarm optimization(2).pdf:pdf},
isbn = {1935-3812},
issn = {19353812},
journal = {Swarm Intelligence},
keywords = {Review,Swarm engineering,Swarm robotics},
number = {1},
pages = {1--41},
title = {{Swarm robotics: A review from the swarm engineering perspective}},
volume = {7},
year = {2013}
}

@misc{Nedjah2015,
author = {Nedjah, Nadia and de {Macedo Mourelle}, Luiza},
title = {{Distributed learning algorithms for swarm robotics}},
url = {http://dx.doi.org/10.1016/j.neucom.2015.06.085},
year = {2015}
}

@misc{Mirjalili2018,
author = {Mirjalili, Ali},
title = {{Learn Particle Swarm Optimization (PSO) in 20 minutes}},
url = {https://www.youtube.com/watch?v=JhgDMAm-imI{\&}t=10s},
urldate = {2019-02-21},
year = {2018}
}

@misc{AmericanMuseumofNaturalHistory2016,
author = {{American Museum of Natural History}},
title = {{Swarms of Aerial Robots - AMNH SciCafe - YouTube}},
url = {https://www.youtube.com/watch?v=mUeyfLIGtLQ{\&}t=636s},
urldate = {2019-02-25},
year = {2016}
}

@misc{TED2015,
author = {TED},
title = {{The Future of Flying Robots | Vijay Kumar | TED Talks - YouTube}},
url = {https://www.youtube.com/watch?v=ge3--1hOm1s},
urldate = {2019-02-25},
year = {2015}
}

@misc{TEDxTalks2014,
author = {{TEDx Talks}},
file = {:C$\backslash$:/Users/Dasaed/Dropbox/Machine Learning Shared/Carlos Selected Papers/swarm robotics - from local rules to global behaviors - tedx talk - youtube.docx:docx},
title = {{Swarm robotics -- from local rules to global behaviors | Magnus Egerstedt | TEDxEmory}},
url = {https://www.youtube.com/watch?v=ULKyXnQ9xWA{\&}t=8s},
urldate = {2019-02-18},
year = {2014}
}
